@article{schacke2004kronecker,
  title={On the kronecker product}
  author={Schacke, Kathrin}
}